<record xmlns="http://www.loc.gov/MARC21/slim" xmlns:xsi="http://www.w3.org/2001/XMLSchema-instance" xsi:schemaLocation="http://www.loc.gov/MARC21/slim http://www.loc.gov/standards/marcxml/schema/MARC21slim.xsd"><leader>01110cz   2200181n  4500</leader><controlfield tag="001">oca02687887 </controlfield><controlfield tag="005">20030214102624.0</controlfield><controlfield tag="008">900216n| acannaab           |a aaa      </controlfield><datafield ind1=" " ind2=" " tag="010"><subfield code="a">n  86112462 </subfield></datafield><datafield ind1=" " ind2=" " tag="040"><subfield code="a">DLC</subfield><subfield code="c">DLC</subfield><subfield code="d">DLC</subfield></datafield><datafield ind1="0" ind2=" " tag="100"><subfield code="a">Luxorius,</subfield><subfield code="d">6th cent.</subfield></datafield><datafield ind1="0" ind2=" " tag="400"><subfield code="a">Luxurius,</subfield><subfield code="d">6th cent.</subfield></datafield><datafield ind1="0" ind2=" " tag="400"><subfield code="a">Lusorius,</subfield><subfield code="d">6th cent.</subfield></datafield><datafield ind1=" " ind2=" " tag="670"><subfield code="a">Happ, H. Luxurius, 1986:</subfield><subfield code="b">v. 1-2, t.p. (Luxurius) v. 1, p. 83, etc. (lived in Carthage at time Vandals ruled; Roman according to general opinion; wrote most of his epigrams 523-530, a few 530-534; name also written Luxorius; may be same as person named Lisorius)</subfield></datafield><datafield ind1=" " ind2=" " tag="670"><subfield code="a">LC manual cat.</subfield><subfield code="b">(hdg.: Luxorius, 6th cent.)</subfield></datafield><datafield ind1=" " ind2=" " tag="670"><subfield code="a">Oxford class. dict., 1970</subfield><subfield code="b">(Luxorius of Carthage, early 6th c. A.D.; grammarian and poet)</subfield></datafield><datafield ind1=" " ind2=" " tag="670"><subfield code="a">Harper's dict. of class. lit. and antiq., 1937</subfield><subfield code="b">(Luxorius; also written Luxurius and Lusorius; Roman epigrammatic poet who lived in Africa about beginning of 6th cent. A.D.)</subfield></datafield><datafield ind1=" " ind2=" " tag="670"><subfield code="a">Kleine Pauly, v. 3, 1969</subfield><subfield code="b">(Luxurius (Luxorius); Latin epigrammatist; lived in Carthage in 1st third of 6th cent.; cannot identify with poet named Lisorius)</subfield></datafield></record>